@online{ScuttlebuttProtocol,
  author = {Scuttlebutt},
  title = {Scuttlebutt Protocol Guide},
  url = {https://ssbc.github.io/scuttlebutt-protocol-guide/},
  urldate = {2021-02-09}
}

@mastersthesis{SDaTaDirect,
      author  = "Gowthaman Gobalasingam",
      title   = "An Infrastructure-Less and Secure LocalPeer-to-Peer Data Exchange Protocol",
      school  = "University of Basel",
      year    = 2020,
      month   = july
}


@online{Kotlin,
  author = {Android Developers},
  title = {Androidâ€™s Kotlin-first approach},
  url = {https://developer.android.com/kotlin/first},
  urldate = {2021-01-22}
}